<record><leader>00000cas a22000007a 4500</leader><controlfield tag="001">23243753</controlfield><controlfield tag="008">910314d18191820ohuwr ne      0    0eng d</controlfield><datafield ind1=" " ind2=" " tag="010"><subfield code="a">sn 91069454 </subfield></datafield><datafield ind1=" " ind2=" " tag="040"><subfield code="a">ONP</subfield><subfield code="b">eng</subfield><subfield code="c">ONP</subfield><subfield code="d">OCLCQ</subfield></datafield><datafield ind1=" " ind2=" " tag="042"><subfield code="a">msc</subfield></datafield><datafield ind1="0" ind2="0" tag="245"><subfield code="a">Literary cadet, and cheap city advertiser.</subfield></datafield><datafield ind1=" " ind2=" " tag="260"><subfield code="a">Cincinnati, Ohio :</subfield><subfield code="b">Looker, Reynolds &amp; Co.</subfield></datafield><datafield ind1=" " ind2=" " tag="300"><subfield code="a">v.</subfield></datafield><datafield ind1=" " ind2=" " tag="310"><subfield code="a">Weekly</subfield></datafield><datafield ind1="1" ind2=" " tag="362"><subfield code="a">Began in 1819.</subfield></datafield><datafield ind1="0" ind2=" " tag="362"><subfield code="a">-v. 1, no. 23 (Apr. 27, 1820).</subfield></datafield><datafield ind1=" " ind2=" " tag="588"><subfield code="a">Description based on: Vol. 1, no. 7 (Jan. 3, 1820).</subfield></datafield><datafield ind1=" " ind2=" " tag="752"><subfield code="a">United States</subfield><subfield code="b">Ohio</subfield><subfield code="c">Hamilton</subfield><subfield code="d">Cincinnati.</subfield></datafield><datafield ind1="0" ind2="0" tag="780"><subfield code="t">Literary cadet (Cincinnati, Ohio : 1819)</subfield><subfield code="w">(DLC)sn 83035062</subfield></datafield><datafield ind1="0" ind2="7" tag="785"><subfield code="t">Western spy, and Cincinnati general advertiser</subfield><subfield code="w">(DLC)sn 83035060</subfield></datafield><datafield ind1="0" ind2="7" tag="785"><subfield code="t">Western spy, and literary cadet (Cincinnati, Ohio : 1820)</subfield><subfield code="w">(DLC)sn 83035061</subfield></datafield></record>